<?xml version="1.0" encoding="UTF-8"?><collection xmlns="http://www.loc.gov/MARC21/slim"><record><leader>00406nam--2200169-i-4500</leader><controlfield tag="001">000048373</controlfield><controlfield tag="002">20161230</controlfield><controlfield tag="005">20170108212818</controlfield><controlfield tag="008">060222s1000------------r-----000-0-eng-d</controlfield><datafield ind1=" " ind2=" " tag="080"><subfield code="a">530.145.61:535.42</subfield></datafield><datafield ind1=" " ind2=" " tag="100"><subfield code="a">Abdullaev, F. H</subfield></datafield><datafield ind1=" " ind2=" " tag="245"><subfield code="a">Opticheskie solitony</subfield></datafield><datafield ind1=" " ind2=" " tag="260"><subfield code="a">Tashkent</subfield><subfield code="b">Fan`</subfield><subfield code="c">1987</subfield></datafield><datafield ind1=" " ind2=" " tag="300"><subfield code="a">G. 199 p</subfield></datafield><datafield ind1=" " ind2=" " tag="700"><subfield code="a">Darmanian, S. A</subfield></datafield><datafield ind1=" " ind2=" " tag="852"><subfield code="a">74872</subfield></datafield><datafield ind1=" " ind2=" " tag="CAT"><subfield code="a">SYS</subfield><subfield code="c">20170108</subfield><subfield code="h">212818</subfield></datafield></record></collection>